%! Author = amatarazzo
%! Date = 10/03/24

@article{survey,
    author = {Wayne Xin Zhao AND Kun Zhou* AND Junyi Li* AND Tianyi Tang AND Xiaolei Wang AND Yupeng Hou AND Yingqian Min AND Beichen Zhang AND Junjie Zhang AND Zican Dong AND Yifan Du AND Chen Yang AND Yushuo Chen AND Zhipeng Chen AND Jinhao Jiang AND Ruiyang Ren AND Yifan Li AND Xinyu Tang AND Zikang Liu AND Peiyu Liu AND Jian-Yun Nie and Ji-Rong Wen},
    year = {2023},
    title = {A Survey of Large Language Models},
    publisher = {ArXiv},
}
@article{nlm,
    author = {Y. Bengio AND R. Ducharme AND P. Vincent AND C. Janvin},
    year = {2003},
    title = {A neural probabilistic language model},
    publisher = {JMLR},
}
@article{word2vec,
    author = {T. Mikolov AND I. Sutskever AND K. Chen AND G. Corrado AND J. Dean},
    year = {2013},
    title = {Distributed representations of words and phrases and their compositionality},
    publisher = {C. J. C. Burges, L. Bottou, Z. Ghahramani, and K. Q. Weinberger, Eds.},
}
@article{word2vec2,
    author = {T. Mikolov AND K. Chen AND G. Corrado AND J. Dean},
    year = {2013},
    title = {Efficient estimation of word representations in vector space},
    publisher = {arXiv},
}

@article{elmo,
    author = {Matthew E. Peters AND Mark Neumann AND Mohit Iyyer AND Matt Gardner AND Christopher Clark AND Kenton Lee AND Luke Zettlemoyer},
    year = {2018},
    title = {Deep contextualized word representations},
    publisher = {arXiv},

}

@article{bert,
    author = {Jacob Devlin AND Ming-Wei Chang AND Kenton Lee AND Kristina Toutanova},
    year = {2018},
    title = {BERT: Pre-training of Deep Bidirectional Transformers for Language Understanding},
    publisher = {arXiv},
}

@article{gpt2,
    author = {Alec Radford AND Karthik Narasimhan AND Tim Salimans AND Ilya Sutskever},
    year = {2019},
    title = {Language Models are Unsupervised Multitask Learners},
    publisher = {arXiv},
}

@article{gpt3,
    author = {Tom B. Brown AND Benjamin Mann AND Nick Ryder AND Melanie Subbiah AND Jared Kaplan AND Prafulla Dhariwal AND Arvind Neelakantan AND Pranav Shyam AND Girish Sastry AND Amanda Askell AND Sandhini Agarwal AND Ariel Herbert-Voss AND Gretchen Krueger AND Tom Henighan AND Rewon Child AND Aditya Ramesh AND Daniel M. Ziegler AND Jeffrey Wu AND Clemens Winter AND Christopher Hesse AND Mark Chen AND Eric Sigler AND Mateusz Litwin AND Scott Gray AND Benjamin Chess AND Jack Clark AND Christopher Berner AND Sam McCandlish AND Alec Radford AND Ilya Sutskever AND Dario Amodei},
    year = {2020},
    title = {Language Models are Few-Shot Learners},
    publisher = {arXiv},
}

@article{t5,
    author = {Colin Raffel AND Noam Shazeer AND Adam Roberts AND Katherine Lee AND Sharan Narang AND Michael Matena AND Yanqi Zhou AND Wei Li AND Peter J. Liu},
    year = {2019},
    title = {Exploring the Limits of Transfer Learning with a Unified Text-to-Text Transformer},
    publisher = {arXiv},
}

@article{emergent1,
    author = {Philip W. Anderson},
    year = {1972},
    title = {More is different: Broken symmetry and the nature of the hierarchical structure of science},
    publisher = {Science},
    url = {http://www.lanais.famaf.unc.edu.ar/cursos/em/Anderson-MoreDifferent-1972.pdf},
}

@article{emergent2,
    author = {J. Wei AND Y. Tay AND R. Bommasani AND C. Raffel AND B. Zoph AND S. Borgeaud AND D. Yogatama AND M. Bosma AND D. Zhou AND D. Metzler AND E. H. Chi AND T. Hashimoto AND O. Vinyals AND P. Liang AND J. Dean AND W. Fedus},
    year = {2022},
    title = {Emergent abilities of large language models},
    publisher = {CoRR},
}

@article{chatgpt,
    author = {Daniel Adiwardana AND Minh-Thang Luong AND David R. So AND Jamie Hall AND Noah Fiedel AND Romal Thoppilan AND Zi Yang AND Apoorv Kulshreshtha AND Gaurav Nemade AND Yifeng Lu AND Quoc V. Le},
    year = {2020},
    title = {Towards a Human-like Open-Domain Chatbot},
    publisher = {arXiv},
}

@article{gpt4,
    author = {OpenAI},
    year = {2023},
    title = {GPT-4 Technical Report},
    publisher = {OpenAI},
}

@article{clip,
    author = {Alec Radford AND Ilya Sutskever AND Jong Wook Kim AND Gretchen Krueger AND Tom Henighan AND Karan Agarwal AND Tom B. Brown},
    year = {2021},
    title = {Learning Transferable Visual Models From Natural Language Supervision},
    publisher = {arXiv},
}

@article{dall-e,
    author = {Aditya Ramesh AND Mikhail Pavlov AND Gabriel Goh AND Scott Gray AND Chelsea Voss AND Alec Radford AND Mark Chen AND Ilya Sutskever},
    year = {2021},
    title = {Zero-Shot Text-to-Image Generation},
    publisher = {arXiv},
}

@article{scaling1,
    author = {J. Kaplan AND S. McCandlish AND T. Henighan AND T. B. Brown AND B. Chess AND R. Child AND S. Gray AND A. Radford AND J. Wu AND D. Amodei},
    year = {2020},
    title = {Scaling laws for neural language models},
    publisher = {CoRR},
}

@article{scaling2,
    author = {J. Hoffmann AND S. Borgeaud AND A. Mensch AND E. Buchatskaya AND T. Cai AND E. Rutherford AND D. de Las Casas AND L. A. Hendricks AND J. Welbl AND A. Clark AND T. Hennigan AND E. Noland AND K. Millican AND G. van den Driessche AND B. Damoc AND A. Guy AND S. Osindero AND K. Simonyan AND E. Elsen AND J. W. Rae AND O. Vinyals AND L. Sifre},
    year = {2022},
    title = {Training compute-optimal large language models},
    publisher = {arXiv},
}